<record><leader>00000cas a2200000M  4500</leader><controlfield tag="001">1640945</controlfield><controlfield tag="008">750920uuuuuuuuuinuuu ne      0    0ben  </controlfield><datafield ind1=" " ind2=" " tag="010"><subfield code="a">sa 64004424 </subfield></datafield><datafield ind1=" " ind2=" " tag="040"><subfield code="a">DLC</subfield><subfield code="b">eng</subfield><subfield code="c">MUL</subfield><subfield code="d">OCLCQ</subfield><subfield code="d">IXA</subfield><subfield code="d">OCLCO</subfield><subfield code="d">OCLCF</subfield><subfield code="d">CUY</subfield></datafield><datafield ind1=" " ind2=" " tag="022"><subfield code="a">0570-0086</subfield></datafield><datafield ind1="0" ind2="0" tag="050"><subfield code="a">AY1057.B4</subfield><subfield code="b">A63</subfield></datafield><datafield ind1="0" ind2="0" tag="245"><subfield code="a">Dola purn&#803;i&#772;ma&#772;.</subfield></datafield><datafield ind1=" " ind2=" " tag="260"><subfield code="a">Calcutta.</subfield></datafield><datafield ind1=" " ind2=" " tag="300"><subfield code="a">volumes</subfield><subfield code="b">illustrations (part color)</subfield><subfield code="c">29 cm</subfield></datafield><datafield ind1=" " ind2=" " tag="546"><subfield code="a">Text in Bengali.</subfield></datafield><datafield ind1=" " ind2="0" tag="650"><subfield code="a">Bengali periodicals.</subfield></datafield><datafield ind1=" " ind2="7" tag="650"><subfield code="a">Bengali periodicals.</subfield><subfield code="2">fast</subfield><subfield code="0">(OCoLC)fst00830451</subfield></datafield><datafield ind1="2" ind2=" " tag="710"><subfield code="a">Ananda Bazar Patrika Limited.</subfield></datafield><datafield ind1=" " ind2=" " tag="936"><subfield code="a">The ISSN corresponding to this record was assigned before the inception of the ISSN network and has not yet been validated.</subfield></datafield></record>